@article{mettler2014adaptive,
  title={Adaptive response-time-based category sequencing in perceptual learning},
  author={Mettler, Everett and Kellman, Philip J},
  journal={Vision research},
  volume={99},
  pages={111--123},
  year={2014},
  publisher={Elsevier}
}

@article{khajah2014maximizing,
  title={Maximizing students' retention via spaced review: Practical guidance from computational models of memory},
  author={Khajah, Mohammad M and Lindsey, Robert V and Mozer, Michael C},
  journal={Topics in cognitive science},
  volume={6},
  number={1},
  pages={157--169},
  year={2014},
  publisher={Wiley Online Library}
}

@article{bahrick1993maintenance,
  title={Maintenance of foreign language vocabulary and the spacing effect},
  author={Bahrick, Harry P and Bahrick, Lorraine E and Bahrick, Audrey S and Bahrick, Phyllis E},
  journal={Psychological Science},
  volume={4},
  number={5},
  pages={316--321},
  year={1993},
  publisher={SAGE Publications Sage CA: Los Angeles, CA}
}
